@PREAMBLE{
 "\providecommand{\noopsort}[1]{}" 
 # "\providecommand{\singleletter}[1]{#1}%" 
}


@article{papamakarios2019neural,
  title={Neural density estimation and likelihood-free inference},
  author={Papamakarios, George},
  journal={arXiv preprint arXiv:1910.13233},
  year={2019}
}

@ARTICLE{dose2003bayesian,
year = {2003},
month = {aug},
publisher = {},
volume = {66},
number = {9},
pages = {1421},
author = {V Dose},
title = {Bayesian inference in physics: case studies},
journal = {Reports on Progress in Physics},
}

@ARTICLE{cranmer2020frontier,
  title={The frontier of simulation-based inference},
  author={Cranmer, Kyle and Brehmer, Johann and Louppe, Gilles},
  journal={Proceedings of the National Academy of Sciences},
  volume={117},
  number={48},
  pages={30055--30062},
  year={2020},
  publisher={National Acad Sciences}
}

@BOOK{o2010kendall,
  title={Kendall's Advanced Theory of Statistic 2B},
  author={O'Hagan, Anthony},
  year={2010},
  publisher={John Wiley \& Sons}
}

@BOOK{sivia2006data,
  title={Data Analysis: A Bayesian Tutorial},
  author={Sivia, D. and Skilling, J.},
  isbn={9780198568315},
  lccn={2006284782},
  series={Oxford science publications},
  year={2006},
  publisher={OUP Oxford}
}

@ARTICLE{skilling2006bayesian,
author = {John Skilling},
title = {{Nested sampling for general Bayesian computation}},
volume = {1},
journal = {Bayesian Analysis},
number = {4},
publisher = {International Society for Bayesian Analysis},
pages = {833 -- 859},
keywords = {algorithm, annealing, Bayesian computation, evidence, marginal likelihood, Model selection, nest, phase change},
year = {2006},
}

@ARTICLE{marjoram2003markov,
  title={Markov chain Monte Carlo without likelihoods},
  author={Marjoram, Paul and Molitor, John and Plagnol, Vincent and Tavar{\'e}, Simon},
  journal={Proceedings of the National Academy of Sciences},
  volume={100},
  number={26},
  pages={15324--15328},
  year={2003},
  publisher={National Acad Sciences}
}

@incollection{deruelle2018lambda,
    author = {Deruelle, Nathalie and Uzan, Jean-Philippe},
    isbn = {9780198786399},
    title = "{The Lambda-CDM model of the hot Big Bang}",
    booktitle = "{Relativity in Modern Physics}",
    publisher = {Oxford University Press},
    year = {2018},
    month = {08},
}

@article{scott2020standard,
  title={The standard model of cosmology: A skepticâ€™s guide},
  author={Scott, Douglas},
  journal={Proc. Int. Sch. Phys. Fermi},
  volume={200},
  number={arXiv: 1804.01318},
  pages={133--153},
  year={2020}
}

@ARTICLE{rubin1984bayesianly,
  title={Bayesianly justifiable and relevant frequency calculations for the applied statistician},
  author={Rubin, Donald B},
  journal={The Annals of Statistics},
  pages={1151--1172},
  year={1984},
  publisher={JSTOR}
}



@ARTICLE{sisson2007sequential,
  title={Sequential monte carlo without likelihoods},
  author={Sisson, Scott A and Fan, Yanan and Tanaka, Mark M},
  journal={Proceedings of the National Academy of Sciences},
  volume={104},
  number={6},
  pages={1760--1765},
  year={2007},
  publisher={National Acad Sciences}
}

@ARTICLE{papamakarios2016fast,
  title={Fast $\varepsilon$-free inference of simulation models with bayesian conditional density estimation},
  author={Papamakarios, George and Murray, Iain},
  journal={Advances in neural information processing systems},
  volume={29},
  year={2016}
}

@ARTICLE{alsing2019fast,
  title={Fast likelihood-free cosmology with neural density estimators and active learning},
  author={Alsing, Justin and Charnock, Tom and Feeney, Stephen and Wandelt, Benjamin},
  journal={Monthly Notices of the Royal Astronomical Society},
  volume={488},
  number={3},
  pages={4440--4458},
  year={2019},
  publisher={Oxford University Press}
}

@ARTICLE{cole2022fast,
  title={Fast and credible likelihood-free cosmology with truncated marginal neural ratio estimation},
  author={Cole, Alex and Miller, Benjamin K and Witte, Samuel J and Cai, Maxwell X and Grootes, Meiert W and Nattino, Francesco and Weniger, Christoph},
  journal={Journal of Cosmology and Astroparticle Physics},
  volume={2022},
  number={09},
  pages={004},
  year={2022},
  publisher={IOP Publishing}
}

@ARTICLE{hellwig1970measurement,
  author={Hellwig, Helmut and Vessot, Robert F. C. and Levine, Martin W. and Zitzewitz, Paul W. and Allan, David W. and Glaze, David J.},
  journal={IEEE Transactions on Instrumentation and Measurement}, 
  title={Measurement of the Unperturbed Hydrogen Hyperfine Transition Frequency}, 
  year={1970},
  volume={19},
  number={4},
  pages={200-209},
  keywords={Frequency measurement;Hydrogen;Extraterrestrial measurements;Masers;NIST;Size measurement;Glazes;Measurement standards;Atomic measurements;Physics},
}

@ARTICLE{castelvecchi2016can,
  title={Can we open the black box of AI?},
  author={Castelvecchi, Davide},
  journal={Nature News},
  volume={538},
  number={7623},
  pages={20},
  year={2016}
}

@ARTICLE{hermans2021trust,
  title={A Trust Crisis In Simulation-Based Inference? Your Posterior Approximations Can Be Unfaithful},
  author={Hermans, Joeri and Delaunoy, Arnaud and Rozet, Fran{\c{c}}ois and Wehenkel, Antoine and Begy, Volodimir and Louppe, Gilles},
  journal={arXiv preprint arXiv:2110.06581},
  year={2021}
}

@article{pritchard201221,
  title={21 cm cosmology in the 21st century},
  author={Pritchard, Jonathan R and Loeb, Abraham},
  journal={Reports on Progress in Physics},
  volume={75},
  number={8},
  pages={086901},
  year={2012},
  publisher={IOP Publishing}
}

@article{cohen2020emulating,
    author = {Cohen, Aviad and Fialkov, Anastasia and Barkana, Rennan and Monsalve, Raul A},
    title = "{Emulating the global 21-cm signal from Cosmic Dawn and Reionization}",
    journal = {Monthly Notices of the Royal Astronomical Society},
    volume = {495},
    number = {4},
    pages = {4845-4859},
    year = {2020},
    month = {06},
}

@book{gupta2018matrix,
  title={Matrix variate distributions},
  author={Gupta, Arjun K and Nagar, Daya K},
  year={2018},
  publisher={Chapman and Hall/CRC}
}

@article{alsing2018massive,
  title={Massive optimal data compression and density estimation for scalable, likelihood-free inference in cosmology},
  author={Alsing, Justin and Wandelt, Benjamin and Feeney, Stephen},
  journal={Monthly Notices of the Royal Astronomical Society},
  volume={477},
  number={3},
  pages={2874--2885},
  year={2018},
  publisher={Oxford University Press}
}

@article{alsing2018generalized,
  title={Generalized massive optimal data compression},
  author={Alsing, Justin and Wandelt, Benjamin},
  journal={Monthly Notices of the Royal Astronomical Society: Letters},
  volume={476},
  number={1},
  pages={L60--L64},
  year={2018},
  publisher={Oxford University Press}
}

@article{heavens2000massive,
  title={Massive lossless data compression and multiple parameter estimation from galaxy spectra},
  author={Heavens, Alan F and Jimenez, Raul and Lahav, Ofer},
  journal={Monthly Notices of the Royal Astronomical Society},
  volume={317},
  number={4},
  pages={965--972},
  year={2000},
  publisher={Blackwell Science Ltd Oxford, UK}
}

@ARTICLE{petersen2008matrix,
  title={The matrix cookbook},
  author={Petersen, Kaare Brandt and Pedersen, Michael Syskind and others},
  journal={Technical University of Denmark},
  volume={7},
  number={15},
  pages={510},
  year={2008}
}

@ARTICLE{lu2002inverses,
  title={Inverses of 2$\times$ 2 block matrices},
  author={Lu, Tzon-Tzer and Shiou, Sheng-Hua},
  journal={Computers \& Mathematics with Applications},
  volume={43},
  number={1-2},
  pages={119--129},
  year={2002},
  publisher={Elsevier}
}


@article{bevins2021globalemu,
  title={GLOBALEMU: a novel and robust approach for emulating the sky-averaged 21-cm signal from the cosmic dawn and epoch of reionization},
  author={Bevins, HTJ and Handley, WJ and Fialkov, A and de Lera Acedo, E and Javid, K},
  journal={Monthly Notices of the Royal Astronomical Society},
  volume={508},
  number={2},
  pages={2923--2936},
  year={2021},
  publisher={Oxford University Press}
}

@article{fraser2018edges,
  title={The EDGES 21 cm anomaly and properties of dark matter},
  author={Fraser, Sean and Hektor, Andi and H{\"u}tsi, Gert and Kannike, Kristjan and Marzo, Carlo and Marzola, Luca and Racioppi, Antonio and Raidal, Martti and Spethmann, Christian and Vaskonen, Ville and others},
  journal={Physics Letters B},
  volume={785},
  pages={159--164},
  year={2018},
  publisher={Elsevier}
}

@article{kaurov2016cosmic,
  title={Cosmic Reionization On Computers. Mean and fluctuating redshifted 21 cm signal},
  author={Kaurov, Alexander A and Gnedin, Nickolay Y},
  journal={The Astrophysical Journal},
  volume={824},
  number={2},
  pages={114},
  year={2016},
  publisher={IOP Publishing}
}

@article{lewis2019getdist,
  title={GetDist: a Python package for analysing Monte Carlo samples},
  author={Lewis, Antony},
  journal={arXiv preprint arXiv:1910.13970},
  year={2019}
}

@article{bodnar2016singular,
  title={Singular inverse Wishart distribution and its application to portfolio theory},
  author={Bodnar, Taras and Mazur, Stepan and Podg{\'o}rski, Krzysztof},
  journal={Journal of Multivariate Analysis},
  volume={143},
  pages={314--326},
  year={2016},
  publisher={Elsevier}
}


@book{scott2015multivariate,
  title={Multivariate density estimation: theory, practice, and visualization},
  author={Scott, David W},
  year={2015},
  publisher={John Wiley \& Sons}
}

@article{skilling2004nested,
  title={Nested sampling},
  author={Skilling, John},
  journal={Bayesian inference and maximum entropy methods in science and engineering},
  volume={735},
  pages={395--405},
  year={2004}
}

@article{leclercq2019primordial,
  title={Primordial power spectrum and cosmology from black-box galaxy surveys},
  author={Leclercq, Florent and Enzi, Wolfgang and Jasche, Jens and Heavens, Alan},
  journal={Monthly Notices of the Royal Astronomical Society},
  volume={490},
  number={3},
  pages={4237--4253},
  year={2019},
  publisher={Oxford University Press}
}

@article{speagle2020dynesty,
  title={dynesty: a dynamic nested sampling package for estimating Bayesian posteriors and evidences},
  author={Speagle, Joshua S},
  journal={Monthly Notices of the Royal Astronomical Society},
  volume={493},
  number={3},
  pages={3132--3158},
  year={2020},
  publisher={Oxford University Press}
}

@article{koposov2022joshspeagle,
  title={joshspeagle/dynesty: v2. 0.0},
  author={Koposov, Sergey and Speagle, Josh and Barbary, Kyle and Ashton, Gregory and Bennett, Ed and Buchner, Johannes and Scheffler, Carl and Cook, Ben and Talbot, Colm and Guillochon, James and others},
  journal={Zenodo},
  year={2022}
}

@article{higson2019dynamic,
  title={Dynamic nested sampling: an improved algorithm for parameter estimation and evidence calculation},
  author={Higson, Edward and Handley, Will and Hobson, Michael and Lasenby, Anthony},
  journal={Statistics and Computing},
  volume={29},
  pages={891--913},
  year={2019},
  publisher={Springer}
}

@article{piras2023cosmopower,
  title={CosmoPower-JAX: high-dimensional Bayesian inference with differentiable cosmological emulators},
  author={Piras, Davide and Mancini, A Spurio},
  journal={arXiv preprint arXiv:2305.06347},
  year={2023}
}

@article{spurio2022cosmopower,
  title={CosmoPower: emulating cosmological power spectra for accelerated Bayesian inference from next-generation surveys},
  author={Spurio Mancini, Alessio and Piras, Davide and Alsing, Justin and Joachimi, Benjamin and Hobson, Michael P},
  journal={Monthly Notices of the Royal Astronomical Society},
  volume={511},
  number={2},
  pages={1771--1788},
  year={2022},
  publisher={Oxford University Press}
}



@article{dupourque2023investigating,
  title={Investigating the turbulent hot gas in X-COP galaxy clusters},
  author={Dupourqu{\'e}, Simon and Clerc, Nicolas and Pointecouteau, Etienne and Eckert, Dominique and Ettori, Stefano and Vazza, Franco},
  journal={Astronomy \& Astrophysics},
  volume={673},
  pages={A91},
  year={2023},
  publisher={EDP Sciences}
}

@article{gatti2024dark,
  title={Dark Energy Survey Year 3 results: Simulation-based cosmological inference with wavelet harmonics, scattering transforms, and moments of weak lensing mass maps. Validation on simulations},
  author={Gatti, M and Jeffrey, N and Whiteway, L and Williamson, J and Jain, B and Ajani, V and Anbajagane, D and Giannini, G and Zhou, C and Porredon, A and others},
  journal={Physical Review D},
  volume={109},
  number={6},
  pages={063534},
  year={2024},
  publisher={APS}
}

@article{crisostomi2023neural,
  title={Neural posterior estimation with guaranteed exact coverage: The ringdown of GW150914},
  author={Crisostomi, Marco and Dey, Kallol and Barausse, Enrico and Trotta, Roberto},
  journal={Physical Review D},
  volume={108},
  number={4},
  pages={044029},
  year={2023},
  publisher={APS}
}


@article{christy2024applying,
  title={Applying Simulation-Based Inference to Spectral and Spatial Information from the Galactic Center Gamma-Ray Excess},
  author={Christy, Katharena and Baxter, Eric J and Kumar, Jason},
  journal={arXiv preprint arXiv:2402.04549},
  year={2024}
}

@article{harnois2024kids,
  title={KiDS-1000 and DES-Y1 combined: Cosmology from peak count statistics},
  author={Harnois-Deraps, Joachim and Heydenreich, Sven and Giblin, Benjamin and Martinet, Nicolas and Troester, Tilman and Asgari, Marika and Burger, Pierre and Castro, Tiago and Dolag, Klaus and Heymans, Catherine and others},
  journal={arXiv preprint arXiv:2405.10312},
  year={2024}
}

@article{moser2024simulation,
  title={Simulation-based inference of deep fields: galaxy population model and redshift distributions},
  author={Moser, Beatrice and Kacprzak, Tomasz and Fischbacher, Silvan and Refregier, Alexandre and Grimm, Dominic and Tortorelli, Luca},
  journal={Journal of Cosmology and Astroparticle Physics},
  volume={2024},
  number={05},
  pages={049},
  year={2024},
  publisher={IOP Publishing}
}

@article{novaes2024cosmology,
  title={Cosmology from HSC Y1 Weak Lensing with Combined Higher-Order Statistics and Simulation-based Inference},
  author={Novaes, Camila P and Thiele, Leander and Armijo, Joaquin and Cheng, Sihao and Cowell, Jessica A and Marques, Gabriela A and Ferreira, Elisa GM and Shirasaki, Masato and Osato, Ken and Liu, Jia},
  journal={arXiv preprint arXiv:2409.01301},
  year={2024}
}

@article{fischbacher2024texttt,
  title={$\texttt{galsbi}$ : A Python package for the GalSBI galaxy population model},
  author={Fischbacher, Silvan and Moser, Beatrice and Kacprzak, Tomasz and Herbel, Joerg and Tortorelli, Luca and Schmitt, Uwe and Refregier, Alexandre and Amara, Adam},
  journal={arXiv preprint arXiv:2412.08722},
  year={2024}
}

@article{lemos2023robust,
  title={Robust simulation-based inference in cosmology with Bayesian neural networks},
  author={Lemos, Pablo and Cranmer, Miles and Abidi, Muntazir and Hahn, ChangHoon and Eickenberg, Michael and Massara, Elena and Yallup, David and Ho, Shirley},
  journal={Machine Learning: Science and Technology},
  volume={4},
  number={1},
  pages={01LT01},
  year={2023},
  publisher={IOP Publishing}
}
